<?xml version="1.0" encoding="UTF-8"?><collection xmlns="http://www.loc.gov/MARC21/slim"><record><leader>00410nam--2200145-i-4500</leader><controlfield tag="001">000009679</controlfield><controlfield tag="002">20161230</controlfield><controlfield tag="005">20170304181657</controlfield><controlfield tag="008">060222s1000------------r-----000-0-eng-d</controlfield><datafield ind1=" " ind2=" " tag="100"><subfield code="a">Danet, A</subfield></datafield><datafield ind1=" " ind2=" " tag="245"><subfield code="a">Metode de separare in chimia analitica</subfield></datafield><datafield ind1=" " ind2=" " tag="260"><subfield code="a">Bucuresti</subfield><subfield code="b">Centrul De Documentare Al Industriei Chimice Si Petroliere</subfield><subfield code="c">1971</subfield></datafield><datafield ind1=" " ind2=" " tag="300"><subfield code="a">280 p</subfield></datafield><datafield ind1=" " ind2=" " tag="700"><subfield code="a">Patroescu, C</subfield></datafield><datafield ind1=" " ind2=" " tag="CAT"><subfield code="a">SYS</subfield><subfield code="c">20170304</subfield><subfield code="h">181657</subfield></datafield></record></collection>